@article{pdg,
  author        = {Beringer, J. and others},
  title         = {Review of Particle Physics (RPP)},
  collaboration = {Particle Data Group},
  journal       = {Phys.Rev.},
  volume        = {D86},
  note          = {010001},
  year          = {2012},
}

@Manual{tem10,
  author = {Johannes-Gutenberg-Universität Mainz},
  title = {Optische Resonatoren},
  pages = {58},
  url = {http://www.quantum.physik.uni-mainz.de/Dateien/__lectures__2010__ss10_laserphysik__Kapitel3.pdf},
  urldate = {2016-08-16}
}

@Manual{igrf,
  author  = {Helmholtz-Zentrum Potsdam},
  title   = {IGRF-Deklinationsrechner},
  url     = {http://www.gfz-potsdam.de/deklinationsrechner/},
  urldate = {2017-03-20}
}

@book{zinksulfid,
  title    = {Chemie für den Maschinenbau},
  author   = {Gerthsen, T.},
  isbn     = {9783866440791},
  series   = {Chemie im Maschinenbau},
  year     = {2006},
  publisher= {Univ.-Verlag Karlsruhe}
}

@book{griffiths,
  author = {David J. Griffiths},
  title = {Quantenmechanik},
  publisher = {Pearson},
  year = {2012},
  page = {-1},
}

@book{kittel,
  author = {Charles Kittel},
  title = {Introduction to Solid State Physics},
  publisher = {Wiley},
  year = {2004},
}

@article{cäsiumchlorid,
  title   = {Lattice parameter and thermal expansion of CsCl and CsBr by x-ray powder diffraction},
  author  = {V. Ganesan, K.S. Girirajan},
  journal = {J. Phys.},
  volume  = {27},
  pages   = {472},
  year    = {1986}
}

@book{Bergmann_Schäfer,
  author = {Bergmann \& Schäfer},
  title = {Lehrbuch der Experimentalphysik, Bd. 4: Bestandteile der Materie},
  publisher = {de Gruyter},
  year = {2003},
}

@UNPUBLISHED{CODATA,
    AUTHOR = "{NIST} ",
    TITLE = "{CODATA} values online",
    NOTE = "http://physics.nist.gov/constants",
    year = "2017",
}

@Manual{FRANCK,
  author = {J. Franck \& G. Hertz},
  title = {Über Zusammenstöße zwischen Elektronen und den Molekülen des Quecksilberdampfes und die Ionisierungsspannung desselben},
  url = {http://www.leifiphysik.de/themenbereiche/atomarer-energieaustausch/auszuge-aus-der-originalarbeit-von-franck-und-hertz-1914},
  urldate = {2015-05-09}
}

@Manual{Hg,
  author = {Andy Hoppe},
  title = {Quecksilber},
  url = {http://www.periodensystem.info/elemente/quecksilber/},
  urldate = {2015-05-09}
}

@Manual{schall,
  author = {Prof. Dr. Henning Solwitsch},
  title = {Physik für Studierende der Medizin},
  url = {http://www.ep5.rub.de/ag/med/VL_23.pdf},
  urldate = {2015-05-18}
}

@book{physiologie,
  author = {Robert F. Schmidt \& Florian Lang \& Manfred Heckmann},
  title = {Physiologie des Menschen},
  publisher = {Springer Verlag},
  year = {2007},
}

@Manual{pso,
    AUTHOR = {René Rausch},
    TITLE = {Das Periodensystem der Elemente online},
    url = {http://periodensystem-online.de},
    urldate = {2015-06-03},
}

@article{nco2,
  author = {A.C: Simmons},
  title = {The Refractive index and Lorentz-Lorenz Functions of propane, nitrogen and carbon-dioxide in the spectral range 15803-22002 1/cm and at 9441/cm},
  journal = {OPTICS COMMUNICATIONS},
  year = {1978},
}

@article{nair,
  author = {Philip E. Ciddor},
  title = {Refractive Index of air: new equations for the visible and near infrared},
  journal = {APPLIED OPTICS},
  year = {1996},
}
@Manual{laser,
    AUTHOR = {Spektrum.de},
    TITLE = {Der Helium-Neon-Laser},
    url = {http://www.spektrum.de/lexikon/physik/helium-neon-laser/6579},
    urldate = {2016-08-15},
}
@Manual{brechungsindices,
    AUTHOR = {refractiveindex.info},
    TITLE = {Refractive index database},
    url = {http://www.refractiveindex.info},
    urldate = {2017-11-17}
}

@Manual{magic_wiki,
    AUTHOR = {MAGIC Wiki},
    TITLE = {Overview on data reconstruction with Mars},
    url = {http://wiki.magic.pic.es/index.php/Overview_on_data_reconstruction_with_Mars},
    urldate = {2018-05-01}
}

@thesis{KevinBA,
  author   = {Sedlaczek, K.},
  title    = {Suche nach dem Lepton-Flavour verletzenden Zerfall \texorpdfstring{$\text{J}\/\Psi\rightarrow e\mu$}{J/psi->eµ} am LHCb-Experiment},
  subtitle = {Normierungskonstante},
  year     = {2016},
  type     = {Bachelorarbeit},
  school   = {TU Dortmund}
}

@UNPUBLISHED{wetteronline,
    AUTHOR = "{Meteorologische Dienstleistungen GmbH} ",
    urldate = "2017-06-18",
    URL = "http://www.wetteronline.de/rueckblick?gid=10416"
}

@manual{koeff,
  url = {http://physics.nist.gov/PhysRefData/Xcom/html/xcom1.html},
  urldate={2018-01-30}
}

@article{magic,
  title = {The major upgrade of the MAGIC telescopes, Part I: The hardware improvements and the commissioning of the system},
  journal = {Astroparticle Physics},
  volume = {72},
  pages = {61 - 75},
  year = {2016},
  doi = {https://doi.org/10.1016/j.astropartphys.2015.04.004},
  author = {MAGIC Collaboration}
}
